@misc{lutstudyportal,
  title = {{LUT study portal, Lappeenranta University of Technology (LUT), Finland}},
  howpublished = "http://uni.lut.fi",
  year = {2017}, 
  note = "[Online; accessed November, 1, 2017]"
}

@book{GonWoo:2002,
 author = {Gonzalez, Rafael C. and Woods, Richard E.},
 title = {Digital Image Processing},
edition = {3rd}, 
 year = {2002},
 publisher = {Prentice-Hall, Inc.},
}

@article{hamouz2005feature,
  title={Feature-based affine-invariant localization of faces},
  author={Hamouz, Miroslav and Kittler, Josef and Kamarainen, Joni-Kristian and Paalanen, Pekka and K\"alvi\"ainen, Heikki and Matas, Jiri},
  journal={{IEEE Transactions on Pattern Analysis and Machine Intelligence (PAMI)}},
  volume={27},
  number={9},
  pages={1490--1495},
  year={2005},
  publisher={IEEE}
}

@article{norppa2017,
  title={Automatic Individual Identification of {Saimaa} Ringed Seals},
  author={Chehrsimin, Tina and Eerola, Tuomas and Koivuniemi, Meeri and Auttila, Miina and Lev\"anen, Riikka and Niemi, Marja and Kunnasranta, Mervi and K\"alvi\"ainen, Heikki},
  journal={IET Computer Vision},
  year={published on-line, 2017}
}

@inproceedings{zafari2017comparison,
  title={Comparison of concave point detection methods for overlapping convex objects segmentation},
  author={Zafari, Sahar and Eerola, Tuomas and Sampo, Jouni and K{\"a}lvi{\"a}inen, Heikki and Haario, Heikki},
  booktitle={Scandinavian Conference on Image Analysis (SCIA)},
  pages={245--256},
  year={2017},
  organization={Springer}
}

@phdthesis{strokina2013phdthesis,
  title={Machine vision methods for process measurements in pulping},
  author={Strokina, Nataliya},
  school={Lappeenranta University of Technology, Finland}, 
  year={2013}
}

@mastersthesis{Lyubanenko2017MScThesis,
  title={Multi-camera finger tracking for 3D touch screen usability experiments},
  author={Lyubanenko, Vadim},
  year={2017},
  school={Lappeenranta University of Technology, Finland}
}
